@article{tu,
    title = "Approximate Distance Oracles",
    author = "Mikkel Thorup and Uri Zwick",
    year = "2005",
    volume = "52",
    number = "1",
    pages = "1--24",
    journal = "jacm",
}

@article{Dijkstra59anote,
    author = {E. W. Dijkstra},
    title = {A Note on Two Problems in Connexion with Graphs},
    journal = {NUMERISCHE MATHEMATIK},
    year = {1959},
    volume = {1},
    number = {1},
    pages = {269--271}
}

@article{bellman,
    author = {Richard Bellman},
    title = {On a Routing Problem},
    journal = {Quarterly of Applied Mathematics},
    year = {1958},
    volume = {16},
    number = {1},
    pages = {87--90}
}

@article{floydapsp,
 author = {Floyd, Robert W.},
 title = {Algorithm 97: Shortest Path},
 journal = {Commun. ACM},
 issue_date = {June 1962},
 volume = {5},
 number = {6},
 month = jun,
 year = {1962},
 issn = {0001-0782},
 pages = {345--},
 doi = {10.1145/367766.368168},
 acmid = {368168},
 publisher = {ACM},
 address = {New York, NY, USA},
} 

@article{sp_billion_nodes,
  added-at = {2013-09-12T00:00:00.000+0200},
  author = {Qi, Zichao and Xiao, Yanghua and Shao, Bin and Wang, Haixun},
  biburl = {http://www.bibsonomy.org/bibtex/23963ac53f0fc1e979d9edf1d7f9ccaa2/dblp},
  ee = {http://www.vldb.org/pvldb/vol7/p61-xiao.pdf},
  interhash = {01aa4a5590c58e0ada4c230b6253f1dc},
  intrahash = {3963ac53f0fc1e979d9edf1d7f9ccaa2},
  journal = {PVLDB},
  keywords = {dblp},
  number = 1,
  pages = {61-72},
  timestamp = {2013-09-12T00:00:00.000+0200},
  title = {Toward a Distance Oracle for Billion-Node Graphs.},
  url = {http://dblp.uni-trier.de/db/journals/pvldb/pvldb7.html#QiXSW13},
  volume = 7,
  year = 2013
}
@article{thorupsssp,
 author = {Thorup, Mikkel},
 title = {Undirected Single-source Shortest Paths with Positive Integer Weights in Linear Time},
 journal = {J. ACM},
 issue_date = {May 1999},
 volume = {46},
 number = {3},
 month = may,
 year = {1999},
 issn = {0004-5411},
 pages = {362--394},
 numpages = {33},
 url = {http://doi.acm.org/10.1145/316542.316548},
 doi = {10.1145/316542.316548},
 acmid = {316548},
 publisher = {ACM},
 address = {New York, NY, USA},
 keywords = {RAM algorithms, shortest paths},
} 
@book{clrs09,
  author = "T.~H. Cormen and C.~E. Leiserson and R.~L. Rivest and C.~Stein",
  edition = "3rd",
  publisher = "The MIT Press",
  title = "Introduction to Algorithms",
  year = "2009",
  isbn = "978-0-262-03384-8"
}

@misc{snapnets,
  author       = {Jure Leskovec and Andrej Krevl},
  title        = {{SNAP Datasets}: {Stanford} Large Network Dataset Collection},
  howpublished = {\url{http://snap.stanford.edu/data}},
  month        = jun,
  year         = 2014
}
